<record>
  <leader>02235nem a2200301 a 4500</leader>
  <controlfield tag="001">991000096159702696</controlfield>
  <controlfield tag="005">20170117052020.0</controlfield>
  <controlfield tag="008">051118s1865    xx            001 0 eng u</controlfield>
  <datafield tag="035" ind1=" " ind2=" ">
    <subfield code="a">(IL-JeALB)10216-972ai_inst</subfield>
  </datafield>
  <datafield tag="035" ind1=" " ind2=" ">
    <subfield code="a">10216</subfield>
    <subfield code="9">ExL</subfield>
  </datafield>
  <datafield tag="035" ind1=" " ind2=" ">
    <subfield code="a">map00000073</subfield>
  </datafield>
  <datafield tag="100" ind1="1" ind2=" ">
    <subfield code="a">Wilson, Charles William,</subfield>
    <subfield code="c">Sir,</subfield>
    <subfield code="d">1836-1905.</subfield>
  </datafield>
  <datafield tag="245" ind1="1" ind2="0">
    <subfield code="a">Ordnance Survey of Jerusalem.</subfield>
  </datafield>
  <datafield tag="255" ind1=" " ind2=" ">
    <subfield code="a">Scales vary.</subfield>
  </datafield>
  <datafield tag="260" ind1=" " ind2=" ">
    <subfield code="a">London :</subfield>
    <subfield code="b">Lords Commissioners of her Majesty's Treasury,</subfield>
    <subfield code="c">1865-1868.</subfield>
  </datafield>
  <datafield tag="300" ind1=" " ind2=" ">
    <subfield code="a">3 vols. : Text - [5], 90 p., 1 double pl., 26 p. diary in Eng. &amp; Arabic. Maps - 5 folded sheets. Photographs - 2 p. contents, 43 p. photographs.</subfield>
  </datafield>
  <datafield tag="500" ind1=" " ind2=" ">
    <subfield code="a">The ordnance survey of Jerusalem was conducted under the direction of Sir Henry James, Director of the Survey. The survey was done mostly by Captain Charles W. Wilson of the Royal Engineers.</subfield>
  </datafield>
  <datafield tag="500" ind1=" " ind2=" ">
    <subfield code="a">Title page reads: 'Ordnance Survey of Jerusalem Made with the Sanction of the Right Hon: Earl de Grey and Ripon, Secretary of State for War, by Captain Charles W. Wilson, R.E. under the direction of Colonel Sir Henry James, R.E. F.R.S. &amp;c. Director of the Ordnance Survey. Published by Authority of the Lords Commissioners of Her Majesty's Treasury.'</subfield>
  </datafield>
  <datafield tag="505" ind1=" " ind2=" ">
    <subfield code="a">The work consists of three parts, bound separately: the text (v.1[46]), the album of maps (v.2[47]) and the album of photographs (v.3[48]).</subfield>
  </datafield>
  <datafield tag="651" ind1=" " ind2="0">
    <subfield code="a">Asia</subfield>
    <subfield code="z">Middle East</subfield>
    <subfield code="z">Jerusalem</subfield>
    <subfield code="v">Maps.</subfield>
  </datafield>
  <datafield tag="774" ind1="0" ind2=" ">
    <subfield code="i">See also individual records for:</subfield>
    <subfield code="t">Jerusalem 1:10,000 (47-1), Haram Grounds, &amp;c. (47-2,47-3), Plan of the Church of the Holy Sepulchre (47-4), [Jerusalem : Floor plans of the Citadel, Dome of the Rock, &amp;c.] (47-5).</subfield>
  </datafield>
  <datafield tag="856" ind1="4" ind2="1">
    <subfield code="u">http://sceti.library.upenn.edu/pages/index.cfm?so_id=4760</subfield>
    <subfield code="z">Digital version of vol. 1 [Text] on the website of the University of Pennsylvania.</subfield>
  </datafield>
  <datafield tag="856" ind1="4" ind2="1">
    <subfield code="u">http://sceti.library.upenn.edu/pages/index.cfm?so_id=5995</subfield>
    <subfield code="z">Digital version of vol. 3 [Photographs] on the website of the University of Pennsylvania.</subfield>
  </datafield>
  <datafield tag="941" ind1=" " ind2=" ">
    <subfield code="c">Gift of</subfield>
    <subfield code="a">The Palestine Exploration Fund</subfield>
    <subfield code="d">1903.</subfield>
  </datafield>
  <datafield tag="942" ind1=" " ind2=" ">
    <subfield code="a">Albright library does not have the map: Jerusalem 1:2,500 1864-5.</subfield>
  </datafield>
  <datafield tag="949" ind1=" " ind2=" ">
    <subfield code="a">MAPS - Open Shelf Cabinet [25] : 46 (text), 47 (maps), 48 (photographs)</subfield>
  </datafield>
  <datafield tag="953" ind1=" " ind2=" ">
    <subfield code="a">Was CM40.W692o</subfield>
  </datafield>
  <datafield tag="999" ind1=" " ind2=" ">
    <subfield code="a">MAP</subfield>
  </datafield>
</record>
